@article{FGSM,
    title={Explaining and harnessing adversarial examples},
    author={Goodfellow, Ian J and Shlens, Jonathon and Szegedy, Christian},
    journal={arXiv preprint arXiv:1412.6572},
    year={2014}
}

@article{PGD,
    title={Towards deep learning models resistant to adversarial attacks},
    author={Madry, Aleksander and Makelov, Aleksandar and Schmidt, Ludwig and Tsipras, Dimitris and Vladu, Adrian},
    journal={arXiv preprint arXiv:1706.06083},
    year={2017}
}

@inproceedings{GAN,
    title={Generative adversarial nets},
    author={Goodfellow, Ian and Pouget-Abadie, Jean and Mirza, Mehdi and Xu, Bing and Warde-Farley, David and Ozair, Sherjil and Courville, Aaron and Bengio, Yoshua},
    booktitle={Advances in neural information processing systems},
    pages={2672--2680},
    year={2014}
}

@article{VAE,
    title={Auto-encoding variational bayes},
    author={Kingma, Diederik P and Welling, Max},
    journal={arXiv preprint arXiv:1312.6114},
    year={2013}
}